% !Mode:: "TeX:UTF-8"

@inbook{Wang2014,
  language   ="chinese",
  AUTHOR     = "王勇",
  TITLE      = "概率论与数理统计",
  PUBLISHER  = "高等教育出版社",
  YEAR       = "2014",
  ADDRESS = "北京"
}

@book{zhao2012,
  language={chinese},
  title={大学物理学},
  author={赵远 and 王晓鸥 and 张宇 and 霍雷},
  year={2012},
  publisher={高等教育出版社},
	address={北京},
	typeoflit={M},
}

@book{chen2009,
  language={chinese},
  title={概率论与数理统计},
  author={陈希孺},
  year={2009},
  address={合肥},
  publisher={中国科学技术大学出版社},
	typeoflit={M},
}


@book{chen2002,
  language={chinese},
  title={数理统计学简史},
  author={陈希孺},
  year={2002},
  address={长沙},
  publisher={湖南教育出版社},
	typeoflit={M},
}

@book{Pearson1992On,
  title={On the Criterion that a Given System of Deviations from the Probable in the Case of a Correlated System of Variables is Such that it Can be Reasonably Supposed to have Arisen from Random Sampling},
  author={Pearson, Karl},
  publisher={Springer New York},
  pages={157-175},
  year={1992},
}